@misc{analytics-java-api,author = {Amazon Web Services},title = {Analytics java api}, year = {2019}, howpublished = "\url{http://docs.aws.amazon.com/kinesisanalytics/latest/java/analytics-java-api.pdf}"}
@misc{silk-dg,author = {Amazon Web Services},title = {Silk dg}, year = {2019}, howpublished = "\url{http://docs.aws.amazon.com/silk/latest/developerguide/silk-dg.pdf}"}
@misc{worklink-api,author = {Amazon Web Services},title = {Worklink api}, year = {2019}, howpublished = "\url{http://docs.aws.amazon.com/worklink/latest/api/worklink-api.pdf}"}
@misc{cloud-map-dg,author = {Amazon Web Services},title = {Cloud map dg}, year = {2019}, howpublished = "\url{http://docs.aws.amazon.com/cloud-map/latest/dg/cloud-map-dg.pdf}"}
@misc{app-insights-api,author = {Amazon Web Services},title = {App insights api}, year = {2019}, howpublished = "\url{http://docs.aws.amazon.com/appinsights/1.0/APIReference/app-insights-api.pdf}"}
@misc{kinesis-analytics-sqlref,author = {Amazon Web Services},title = {Kinesis analytics sqlref}, year = {2019}, howpublished = "\url{http://docs.aws.amazon.com/kinesisanalytics/latest/sqlref/kinesis-analytics-sqlref.pdf}"}
@misc{hub-api,author = {Amazon Web Services},title = {Hub api}, year = {2019}, howpublished = "\url{http://docs.aws.amazon.com/migrationhub/latest/ug/hub-api.pdf}"}
@misc{kms-dg,author = {Amazon Web Services},title = {Kms dg}, year = {2019}, howpublished = "\url{http://docs.aws.amazon.com/kms/latest/developerguide/kms-dg.pdf}"}
@misc{machinelearning-dg,author = {Amazon Web Services},title = {Machinelearning dg}, year = {2019}, howpublished = "\url{http://docs.aws.amazon.com/machine-learning/latest/dg/machinelearning-dg.pdf}"}
@misc{dms-api,author = {Amazon Web Services},title = {Dms api}, year = {2019}, howpublished = "\url{http://docs.aws.amazon.com/dms/latest/APIReference/dms-api.pdf}"}
@misc{codecommit-user,author = {Amazon Web Services},title = {Codecommit user}, year = {2019}, howpublished = "\url{http://docs.aws.amazon.com/codecommit/latest/userguide/codecommit-user.pdf}"}
@misc{sitewise-guide,author = {Amazon Web Services},title = {Sitewise guide}, year = {2019}, howpublished = "\url{http://docs.aws.amazon.com/iot-sitewise/latest/userguide/sitewise-guide.pdf}"}
@misc{acm-apiref,author = {Amazon Web Services},title = {Acm apiref}, year = {2019}, howpublished = "\url{http://docs.aws.amazon.com/acm/latest/APIReference/acm-apiref.pdf}"}
@misc{workmail-ag,author = {Amazon Web Services},title = {Workmail ag}, year = {2019}, howpublished = "\url{http://docs.aws.amazon.com/workmail/latest/adminguide/workmail-ag.pdf}"}
@misc{mediaconvert-guide,author = {Amazon Web Services},title = {Mediaconvert guide}, year = {2019}, howpublished = "\url{http://docs.aws.amazon.com/mediaconvert/latest/ug/mediaconvert-guide.pdf}"}
@misc{aws-iq-experts-user-guide,author = {Amazon Web Services},title = {Aws iq experts user guide}, year = {2019}, howpublished = "\url{http://docs.aws.amazon.com/aws-iq/latest/experts-user-guide/aws-iq-experts-user-guide.pdf}"}
@misc{vpc-ug,author = {Amazon Web Services},title = {Vpc ug}, year = {2019}, howpublished = "\url{http://docs.aws.amazon.com/vpc/latest/userguide/vpc-ug.pdf}"}
@misc{aws-sdk-ruby-dg,author = {Amazon Web Services},title = {Aws sdk ruby dg}, year = {2019}, howpublished = "\url{http://docs.aws.amazon.com/sdk-for-ruby/v3/developer-guide/aws-sdk-ruby-dg.pdf}"}
@misc{marketplacemetering-api,author = {Amazon Web Services},title = {Marketplacemetering api}, year = {2019}, howpublished = "\url{http://docs.aws.amazon.com/marketplacemetering/latest/APIReference/marketplacemetering-api.pdf}"}
@misc{firehose-apiref,author = {Amazon Web Services},title = {Firehose apiref}, year = {2019}, howpublished = "\url{http://docs.aws.amazon.com/firehose/latest/APIReference/firehose-apiref.pdf}"}
@misc{connect-api,author = {Amazon Web Services},title = {Connect api}, year = {2019}, howpublished = "\url{http://docs.aws.amazon.com/connect/latest/APIReference/connect-api.pdf}"}
@misc{batch-api,author = {Amazon Web Services},title = {Batch api}, year = {2019}, howpublished = "\url{http://docs.aws.amazon.com/batch/latest/APIReference/batch-api.pdf}"}
@misc{groundstation-ug,author = {Amazon Web Services},title = {Groundstation ug}, year = {2019}, howpublished = "\url{http://docs.aws.amazon.com/ground-station/latest/ug/groundstation-ug.pdf}"}
@misc{as-dg,author = {Amazon Web Services},title = {As dg}, year = {2019}, howpublished = "\url{http://docs.aws.amazon.com/autoscaling/ec2/userguide/as-dg.pdf}"}
@misc{secretsmanager-apireference,author = {Amazon Web Services},title = {Secretsmanager apireference}, year = {2019}, howpublished = "\url{http://docs.aws.amazon.com/secretsmanager/latest/apireference/secretsmanager-apireference.pdf}"}
@misc{WindowsGuide,author = {Amazon Web Services},title = {Windowsguide}, year = {2019}, howpublished = "\url{http://docs.aws.amazon.com/fsx/latest/WindowsGuide/WindowsGuide.pdf}"}
@misc{amazon-quicksight-user,author = {Amazon Web Services},title = {Amazon quicksight user}, year = {2019}, howpublished = "\url{http://docs.aws.amazon.com/quicksight/latest/user/amazon-quicksight-user.pdf}"}
@misc{config-dg,author = {Amazon Web Services},title = {Config dg}, year = {2019}, howpublished = "\url{http://docs.aws.amazon.com/config/latest/developerguide/config-dg.pdf}"}
@misc{app-as-api,author = {Amazon Web Services},title = {App as api}, year = {2019}, howpublished = "\url{http://docs.aws.amazon.com/autoscaling/application/APIReference/app-as-api.pdf}"}
@misc{inspector-ug,author = {Amazon Web Services},title = {Inspector ug}, year = {2019}, howpublished = "\url{http://docs.aws.amazon.com/inspector/latest/userguide/inspector-ug.pdf}"}
@misc{LustreGuide,author = {Amazon Web Services},title = {Lustreguide}, year = {2019}, howpublished = "\url{http://docs.aws.amazon.com/fsx/latest/LustreGuide/LustreGuide.pdf}"}
@misc{awseb-api,author = {Amazon Web Services},title = {Awseb api}, year = {2019}, howpublished = "\url{http://docs.aws.amazon.com/elasticbeanstalk/latest/api/awseb-api.pdf}"}
@misc{1click-dapi,author = {Amazon Web Services},title = {1click dapi}, year = {2019}, howpublished = "\url{http://docs.aws.amazon.com/iot-1-click/1.0/devices-apireference/1click-dapi.pdf}"}
@misc{gg-api,author = {Amazon Web Services},title = {Gg api}, year = {2019}, howpublished = "\url{http://docs.aws.amazon.com/greengrass/latest/apireference/gg-api.pdf}"}
@misc{vpc-tm,author = {Amazon Web Services},title = {Vpc tm}, year = {2019}, howpublished = "\url{http://docs.aws.amazon.com/vpc/latest/mirroring/vpc-tm.pdf}"}
@misc{freertos-qg,author = {Amazon Web Services},title = {Freertos qg}, year = {2019}, howpublished = "\url{http://docs.aws.amazon.com/freertos/latest/qualificationguide/freertos-qg.pdf}"}
@misc{elb-ug,author = {Amazon Web Services},title = {Elb ug}, year = {2019}, howpublished = "\url{http://docs.aws.amazon.com/elasticloadbalancing/latest/userguide/elb-ug.pdf}"}
@misc{sitewise-api,author = {Amazon Web Services},title = {Sitewise api}, year = {2019}, howpublished = "\url{http://docs.aws.amazon.com/iot-sitewise/latest/APIReference/sitewise-api.pdf}"}
@misc{blockchain-templates-dg,author = {Amazon Web Services},title = {Blockchain templates dg}, year = {2019}, howpublished = "\url{http://docs.aws.amazon.com/blockchain-templates/latest/developerguide/blockchain-templates-dg.pdf}"}
@misc{sync-dg,author = {Amazon Web Services},title = {Sync dg}, year = {2019}, howpublished = "\url{http://docs.aws.amazon.com/datasync/latest/userguide/sync-dg.pdf}"}
@misc{migration-operations-integration,author = {Amazon Web Services},title = {Migration operations integration}, year = {2019}, howpublished = "\url{http://docs.aws.amazon.com/prescriptive-guidance/latest/migration-operations-integration/migration-operations-integration.pdf}"}
@misc{qldb-dg,author = {Amazon Web Services},title = {Qldb dg}, year = {2019}, howpublished = "\url{http://docs.aws.amazon.com/qldb/latest/developerguide/qldb-dg.pdf}"}
@misc{securityhub,author = {Amazon Web Services},title = {Securityhub}, year = {2019}, howpublished = "\url{http://docs.aws.amazon.com/securityhub/latest/userguide/securityhub.pdf}"}
@misc{chime-ug,author = {Amazon Web Services},title = {Chime ug}, year = {2019}, howpublished = "\url{http://docs.aws.amazon.com/chime/latest/ug/chime-ug.pdf}"}
@misc{glue-dg,author = {Amazon Web Services},title = {Glue dg}, year = {2019}, howpublished = "\url{http://docs.aws.amazon.com/glue/latest/dg/glue-dg.pdf}"}
@misc{appsync-api,author = {Amazon Web Services},title = {Appsync api}, year = {2019}, howpublished = "\url{http://docs.aws.amazon.com/appsync/latest/APIReference/appsync-api.pdf}"}
@misc{dynamodb-api,author = {Amazon Web Services},title = {Dynamodb api}, year = {2019}, howpublished = "\url{http://docs.aws.amazon.com/amazondynamodb/latest/APIReference/dynamodb-api.pdf}"}
@misc{swf-aflow,author = {Amazon Web Services},title = {Swf aflow}, year = {2019}, howpublished = "\url{http://docs.aws.amazon.com/amazonswf/latest/awsflowguide/swf-aflow.pdf}"}
@misc{mrp-solution,author = {Amazon Web Services},title = {Mrp solution}, year = {2019}, howpublished = "\url{http://docs.aws.amazon.com/prescriptive-guidance/latest/mrp-solution/mrp-solution.pdf}"}
@misc{dcv-ug,author = {Amazon Web Services},title = {Dcv ug}, year = {2019}, howpublished = "\url{http://docs.aws.amazon.com/dcv/latest/userguide/dcv-ug.pdf}"}
@misc{kaw-user-guide,author = {Amazon Web Services},title = {Kaw user guide}, year = {2019}, howpublished = "\url{http://docs.aws.amazon.com/kinesis-agent-windows/latest/userguide/kaw-user-guide.pdf.pdf}"}
@misc{redis-ug,author = {Amazon Web Services},title = {Redis ug}, year = {2019}, howpublished = "\url{http://docs.aws.amazon.com/AmazonElastiCache/latest/red-ug/redis-ug.pdf}"}
@misc{migration-program-execution,author = {Amazon Web Services},title = {Migration program execution}, year = {2019}, howpublished = "\url{http://docs.aws.amazon.com/prescriptive-guidance/latest/migration-program-execution/migration-program-execution.pdf}"}
@misc{managedblockchain-api,author = {Amazon Web Services},title = {Managedblockchain api}, year = {2019}, howpublished = "\url{http://docs.aws.amazon.com/managed-blockchain/latest/APIReference/managedblockchain-api.pdf}"}
@misc{route53-apiref,author = {Amazon Web Services},title = {Route53 apiref}, year = {2019}, howpublished = "\url{http://docs.aws.amazon.com/Route53/latest/APIReference/route53-apiref.pdf}"}
@misc{macie-ug,author = {Amazon Web Services},title = {Macie ug}, year = {2019}, howpublished = "\url{http://docs.aws.amazon.com/macie/latest/userguide/macie-ug.pdf}"}
@misc{ram-api,author = {Amazon Web Services},title = {Ram api}, year = {2019}, howpublished = "\url{http://docs.aws.amazon.com/ram/latest/APIReference/ram-api.pdf}"}
@misc{waf-dg,author = {Amazon Web Services},title = {Waf dg}, year = {2019}, howpublished = "\url{http://docs.aws.amazon.com/waf/latest/developerguide/waf-dg.pdf}"}
@misc{awsaccountbilling-aboutv2,author = {Amazon Web Services},title = {Awsaccountbilling aboutv2}, year = {2019}, howpublished = "\url{http://docs.aws.amazon.com/awsaccountbilling/latest/aboutv2/awsaccountbilling-aboutv2.pdf}"}
@misc{controltower-ug,author = {Amazon Web Services},title = {Controltower ug}, year = {2019}, howpublished = "\url{http://docs.aws.amazon.com/controltower/latest/userguide/controltower-ug.pdf}"}
@misc{appsync-dg ,author = {Amazon Web Services},title = {Appsync dg }, year = {2019}, howpublished = "\url{http://docs.aws.amazon.com/appsync/latest/devguide/appsync-dg .pdf}"}
@misc{elb-v2-api,author = {Amazon Web Services},title = {Elb v2 api}, year = {2019}, howpublished = "\url{http://docs.aws.amazon.com/elasticloadbalancing/latest/APIReference/elb-v2-api.pdf}"}
@misc{deeplens-dg,author = {Amazon Web Services},title = {Deeplens dg}, year = {2019}, howpublished = "\url{http://docs.aws.amazon.com/deeplens/latest/dg/deeplens-dg.pdf}"}
@misc{aws-marketplace-ug,author = {Amazon Web Services},title = {Aws marketplace ug}, year = {2019}, howpublished = "\url{http://docs.aws.amazon.com/marketplace/latest/userguide/aws-marketplace-ug.pdf}"}
@misc{codebuild-user,author = {Amazon Web Services},title = {Codebuild user}, year = {2019}, howpublished = "\url{http://docs.aws.amazon.com/codebuild/latest/userguide/codebuild-user.pdf}"}
@misc{analytics-api,author = {Amazon Web Services},title = {Analytics api}, year = {2019}, howpublished = "\url{http://docs.aws.amazon.com/kinesisanalytics/latest/dev/analytics-api.pdf}"}
@misc{mediapackage-api,author = {Amazon Web Services},title = {Mediapackage api}, year = {2019}, howpublished = "\url{http://docs.aws.amazon.com/mediapackage/latest/apireference/mediapackage-api.pdf}"}
@misc{dynamodb-encryption-client,author = {Amazon Web Services},title = {Dynamodb encryption client}, year = {2019}, howpublished = "\url{http://docs.aws.amazon.com/dynamodb-encryption-client/latest/devguide/dynamodb-encryption-client.pdf}"}
@misc{amazon-lightsail-api-reference,author = {Amazon Web Services},title = {Amazon lightsail api reference}, year = {2019}, howpublished = "\url{http://docs.aws.amazon.com/lightsail/2016-11-28/api-reference/amazon-lightsail-api-reference.pdf}"}
@misc{codepipeline-user,author = {Amazon Web Services},title = {Codepipeline user}, year = {2019}, howpublished = "\url{http://docs.aws.amazon.com/codepipeline/latest/userguide/codepipeline-user.pdf}"}
@misc{AWSSnowball-ug,author = {Amazon Web Services},title = {Awssnowball ug}, year = {2019}, howpublished = "\url{http://docs.aws.amazon.com/snowball/latest/ug/AWSSnowball-ug.pdf}"}
@misc{aws-marketplace-bug,author = {Amazon Web Services},title = {Aws marketplace bug}, year = {2019}, howpublished = "\url{http://docs.aws.amazon.com/marketplace/latest/buyerguide/aws-marketplace-bug.pdf}"}
@misc{discovery-api,author = {Amazon Web Services},title = {Discovery api}, year = {2019}, howpublished = "\url{http://docs.aws.amazon.com/application-discovery/latest/APIReference/discovery-api.pdf}"}
@misc{aws-cli,author = {Amazon Web Services},title = {Aws cli}, year = {2019}, howpublished = "\url{http://docs.aws.amazon.com/cli/latest/userguide/aws-cli.pdf}"}
@misc{emr-api,author = {Amazon Web Services},title = {Emr api}, year = {2019}, howpublished = "\url{http://docs.aws.amazon.com/emr/latest/APIReference/emr-api.pdf}"}
@misc{iot-api,author = {Amazon Web Services},title = {Iot api}, year = {2019}, howpublished = "\url{http://docs.aws.amazon.com/iot/latest/apireference/iot-api.pdf}"}
@misc{a4b-api,author = {Amazon Web Services},title = {A4b api}, year = {2019}, howpublished = "\url{http://docs.aws.amazon.com/a4b/latest/APIReference/a4b-api.pdf}"}
@misc{analytics-java-api,author = {Amazon Web Services},title = {Analytics java api}, year = {2019}, howpublished = "\url{http://docs.aws.amazon.com/kinesisanalytics/latest/apiv2/analytics-java-api.pdf}"}
@misc{batch_user,author = {Amazon Web Services},title = {Batch_user}, year = {2019}, howpublished = "\url{http://docs.aws.amazon.com/batch/latest/userguide/batch_user.pdf}"}
@misc{migration-ocm,author = {Amazon Web Services},title = {Migration ocm}, year = {2019}, howpublished = "\url{http://docs.aws.amazon.com/prescriptive-guidance/latest/migration-ocm/migration-ocm.pdf}"}
@misc{appdiscovery-ug,author = {Amazon Web Services},title = {Appdiscovery ug}, year = {2019}, howpublished = "\url{http://docs.aws.amazon.com/application-discovery/latest/userguide/appdiscovery-ug.pdf}"}
@misc{vpc-tgw,author = {Amazon Web Services},title = {Vpc tgw}, year = {2019}, howpublished = "\url{http://docs.aws.amazon.com/vpc/latest/tgw/vpc-tgw.pdf}"}
@misc{ec2-wg,author = {Amazon Web Services},title = {Ec2 wg}, year = {2019}, howpublished = "\url{http://docs.aws.amazon.com/AWSEC2/latest/WindowsGuide/ec2-wg.pdf}"}
@misc{clouddirectory-dev-guide,author = {Amazon Web Services},title = {Clouddirectory dev guide}, year = {2019}, howpublished = "\url{http://docs.aws.amazon.com/clouddirectory/latest/developerguide/clouddirectory-dev-guide.pdf}"}
@misc{cognito-sync-api,author = {Amazon Web Services},title = {Cognito sync api}, year = {2019}, howpublished = "\url{http://docs.aws.amazon.com/cognitosync/latest/APIReference/cognito-sync-api.pdf}"}
@misc{cds-api,author = {Amazon Web Services},title = {Cds api}, year = {2019}, howpublished = "\url{http://docs.aws.amazon.com/clouddirectory/latest/APIReference/cds-api.pdf}"}
@misc{lumberyard-ug,author = {Amazon Web Services},title = {Lumberyard ug}, year = {2019}, howpublished = "\url{http://docs.aws.amazon.com/lumberyard/latest/userguide/lumberyard-ug.pdf}"}
@misc{aws-robomaker-dg,author = {Amazon Web Services},title = {Aws robomaker dg}, year = {2019}, howpublished = "\url{http://docs.aws.amazon.com/robomaker/latest/dg/aws-robomaker-dg.pdf}"}
@misc{,author = {Amazon Web Services},title = {}, year = {2019}, howpublished = "\url{http://docs.aws.amazon.com/elasticbeanstalk/latest/relnotes/}"}
@misc{comprehend-dg,author = {Amazon Web Services},title = {Comprehend dg}, year = {2019}, howpublished = "\url{http://docs.aws.amazon.com/comprehend/latest/dg/comprehend-dg.pdf}"}
@misc{mxnet-dg,author = {Amazon Web Services},title = {Mxnet dg}, year = {2019}, howpublished = "\url{http://docs.aws.amazon.com/mxnet/latest/dg/mxnet-dg.pdf}"}
@misc{personalize-dg,author = {Amazon Web Services},title = {Personalize dg}, year = {2019}, howpublished = "\url{http://docs.aws.amazon.com/personalize/latest/dg/personalize-dg.pdf}"}
@misc{codecommit-api,author = {Amazon Web Services},title = {Codecommit api}, year = {2019}, howpublished = "\url{http://docs.aws.amazon.com/codecommit/latest/APIReference/codecommit-api.pdf}"}
@misc{xray-guide,author = {Amazon Web Services},title = {Xray guide}, year = {2019}, howpublished = "\url{http://docs.aws.amazon.com/xray/latest/devguide/xray-guide.pdf}"}
@misc{ServiceQuotasUserGuide,author = {Amazon Web Services},title = {Servicequotasuserguide}, year = {2019}, howpublished = "\url{http://docs.aws.amazon.com/servicequotas/latest/userguide/ServiceQuotasUserGuide.pdf}"}
@misc{ram-ug,author = {Amazon Web Services},title = {Ram ug}, year = {2019}, howpublished = "\url{http://docs.aws.amazon.com/ram/latest/userguide/ram-ug.pdf}"}
@misc{opsworks-cm-api,author = {Amazon Web Services},title = {Opsworks cm api}, year = {2019}, howpublished = "\url{http://docs.aws.amazon.com/opsworks-cm/latest/APIReference/opsworks-cm-api.pdf}"}
@misc{resgrps-ug,author = {Amazon Web Services},title = {Resgrps ug}, year = {2019}, howpublished = "\url{http://docs.aws.amazon.com/ARG/latest/userguide/resgrps-ug.pdf}"}
@misc{cognito-dg,author = {Amazon Web Services},title = {Cognito dg}, year = {2019}, howpublished = "\url{http://docs.aws.amazon.com/cognito/latest/developerguide/cognito-dg.pdf}"}
@misc{pinpoint-ug,author = {Amazon Web Services},title = {Pinpoint ug}, year = {2019}, howpublished = "\url{http://docs.aws.amazon.com/pinpoint/latest/userguide/pinpoint-ug.pdf}"}
@misc{fms-api,author = {Amazon Web Services},title = {Fms api}, year = {2019}, howpublished = "\url{http://docs.aws.amazon.com/fms/2018-01-01/APIReference/fms-api.pdf}"}
@misc{awscloudtrail-api,author = {Amazon Web Services},title = {Awscloudtrail api}, year = {2019}, howpublished = "\url{http://docs.aws.amazon.com/awscloudtrail/latest/APIReference/awscloudtrail-api.pdf}"}
@misc{ecs-dg,author = {Amazon Web Services},title = {Ecs dg}, year = {2019}, howpublished = "\url{http://docs.aws.amazon.com/AmazonECS/latest/developerguide/ecs-dg.pdf}"}
@misc{swf-api,author = {Amazon Web Services},title = {Swf api}, year = {2019}, howpublished = "\url{http://docs.aws.amazon.com/amazonswf/latest/apireference/swf-api.pdf}"}
@misc{cloudhsm-api,author = {Amazon Web Services},title = {Cloudhsm api}, year = {2019}, howpublished = "\url{http://docs.aws.amazon.com/cloudhsm/latest/APIReference/cloudhsm-api.pdf}"}
@misc{guardduty-ug,author = {Amazon Web Services},title = {Guardduty ug}, year = {2019}, howpublished = "\url{http://docs.aws.amazon.com/guardduty/latest/ug/guardduty-ug.pdf}"}
@misc{redshift-api,author = {Amazon Web Services},title = {Redshift api}, year = {2019}, howpublished = "\url{http://docs.aws.amazon.com/redshift/latest/APIReference/redshift-api.pdf}"}
@misc{mediapackage-vod-api,author = {Amazon Web Services},title = {Mediapackage vod api}, year = {2019}, howpublished = "\url{http://docs.aws.amazon.com/mediapackage-vod/latest/apireference/mediapackage-vod-api.pdf}"}
@misc{AWSSnowball-api,author = {Amazon Web Services},title = {Awssnowball api}, year = {2019}, howpublished = "\url{http://docs.aws.amazon.com/snowball/latest/api-reference/AWSSnowball-api.pdf}"}
@misc{lumberyard-gsg,author = {Amazon Web Services},title = {Lumberyard gsg}, year = {2019}, howpublished = "\url{http://docs.aws.amazon.com/lumberyard/latest/gettingstartedguide/lumberyard-gsg.pdf}"}
@misc{eks-ug,author = {Amazon Web Services},title = {Eks ug}, year = {2019}, howpublished = "\url{http://docs.aws.amazon.com/eks/latest/userguide/eks-ug.pdf}"}
@misc{organizations-apireference,author = {Amazon Web Services},title = {Organizations apireference}, year = {2019}, howpublished = "\url{http://docs.aws.amazon.com/organizations/latest/APIReference/organizations-apireference.pdf}"}
@misc{iam-api,author = {Amazon Web Services},title = {Iam api}, year = {2019}, howpublished = "\url{http://docs.aws.amazon.com/IAM/latest/APIReference/iam-api.pdf}"}
@misc{amazon-mq-dg,author = {Amazon Web Services},title = {Amazon mq dg}, year = {2019}, howpublished = "\url{http://docs.aws.amazon.com/amazon-mq/latest/developer-guide/amazon-mq-dg.pdf}"}
@misc{cwl-api,author = {Amazon Web Services},title = {Cwl api}, year = {2019}, howpublished = "\url{http://docs.aws.amazon.com/AmazonCloudWatchLogs/latest/APIReference/cwl-api.pdf}"}
@misc{awsconfig-apiref,author = {Amazon Web Services},title = {Awsconfig apiref}, year = {2019}, howpublished = "\url{http://docs.aws.amazon.com/config/latest/APIReference/awsconfig-apiref.pdf}"}
@misc{awshealth-api,author = {Amazon Web Services},title = {Awshealth api}, year = {2019}, howpublished = "\url{http://docs.aws.amazon.com/health/latest/APIReference/awshealth-api.pdf}"}
@misc{chatbot-ag,author = {Amazon Web Services},title = {Chatbot ag}, year = {2019}, howpublished = "\url{http://docs.aws.amazon.com/chatbot/latest/adminguide/chatbot-ag.pdf}"}
@misc{mediastore-ug,author = {Amazon Web Services},title = {Mediastore ug}, year = {2019}, howpublished = "\url{http://docs.aws.amazon.com/mediastore/latest/ug/mediastore-ug.pdf}"}
@misc{migration-portfolio-discovery,author = {Amazon Web Services},title = {Migration portfolio discovery}, year = {2019}, howpublished = "\url{http://docs.aws.amazon.com/prescriptive-guidance/latest/migration-portfolio-discovery/migration-portfolio-discovery.pdf}"}
@misc{elasticache-api,author = {Amazon Web Services},title = {Elasticache api}, year = {2019}, howpublished = "\url{http://docs.aws.amazon.com/AmazonElastiCache/latest/APIReference/elasticache-api.pdf}"}
@misc{sagemaker-dg,author = {Amazon Web Services},title = {Sagemaker dg}, year = {2019}, howpublished = "\url{http://docs.aws.amazon.com/sagemaker/latest/dg/sagemaker-dg.pdf}"}
@misc{elb-classic,author = {Amazon Web Services},title = {Elb classic}, year = {2019}, howpublished = "\url{http://docs.aws.amazon.com/elasticloadbalancing/latest/classic/elb-classic.pdf}"}
@misc{acm-ug,author = {Amazon Web Services},title = {Acm ug}, year = {2019}, howpublished = "\url{http://docs.aws.amazon.com/acm/latest/userguide/acm-ug.pdf}"}
@misc{workspaces-api,author = {Amazon Web Services},title = {Workspaces api}, year = {2019}, howpublished = "\url{http://docs.aws.amazon.com/workspaces/latest/api/workspaces-api.pdf}"}
@misc{pca-api,author = {Amazon Web Services},title = {Pca api}, year = {2019}, howpublished = "\url{http://docs.aws.amazon.com/acm-pca/latest/APIReference/pca-api.pdf}"}
@misc{lumberyard-legacy,author = {Amazon Web Services},title = {Lumberyard legacy}, year = {2019}, howpublished = "\url{http://docs.aws.amazon.com/lumberyard/latest/legacyreference/lumberyard-legacy.pdf}"}
@misc{amplify-console-ug,author = {Amazon Web Services},title = {Amplify console ug}, year = {2019}, howpublished = "\url{http://docs.aws.amazon.com/amplify/latest/userguide/amplify-console-ug.pdf}"}
@misc{amazon-things-graph,author = {Amazon Web Services},title = {Amazon things graph}, year = {2019}, howpublished = "\url{http://docs.aws.amazon.com/thingsgraph/latest/ug/amazon-things-graph.pdf}"}
@misc{MSKAPIReference,author = {Amazon Web Services},title = {Mskapireference}, year = {2019}, howpublished = "\url{http://docs.aws.amazon.com/msk/1.0/apireference/MSKAPIReference.pdf}"}
@misc{pinpoint-api,author = {Amazon Web Services},title = {Pinpoint api}, year = {2019}, howpublished = "\url{http://docs.aws.amazon.com/pinpoint/latest/apireference/pinpoint-api.pdf}"}
@misc{AmazonCloudFront_DevGuide,author = {Amazon Web Services},title = {Amazoncloudfront_devguide}, year = {2019}, howpublished = "\url{http://docs.aws.amazon.com/AmazonCloudFront/latest/DeveloperGuide/AmazonCloudFront_DevGuide.pdf}"}
@misc{eks-api,author = {Amazon Web Services},title = {Eks api}, year = {2019}, howpublished = "\url{http://docs.aws.amazon.com/eks/latest/APIReference/eks-api.pdf}"}
@misc{cloudhsm-api,author = {Amazon Web Services},title = {Cloudhsm api}, year = {2019}, howpublished = "\url{http://docs.aws.amazon.com/cloudhsm/classic/APIReference/cloudhsm-api.pdf}"}
@misc{redshift-gsg,author = {Amazon Web Services},title = {Redshift gsg}, year = {2019}, howpublished = "\url{http://docs.aws.amazon.com/redshift/latest/gsg/redshift-gsg.pdf}"}
@misc{aws-cloud9-ug,author = {Amazon Web Services},title = {Aws cloud9 ug}, year = {2019}, howpublished = "\url{http://docs.aws.amazon.com/cloud9/latest/user-guide/aws-cloud9-ug.pdf}"}
@misc{awscdk,author = {Amazon Web Services},title = {Awscdk}, year = {2019}, howpublished = "\url{http://docs.aws.amazon.com/cdk/latest/guide/awscdk.pdf}"}
@misc{aws-parallelcluster-ug,author = {Amazon Web Services},title = {Aws parallelcluster ug}, year = {2019}, howpublished = "\url{http://docs.aws.amazon.com/parallelcluster/latest/ug/aws-parallelcluster-ug.pdf}"}
@misc{dms-sbs,author = {Amazon Web Services},title = {Dms sbs}, year = {2019}, howpublished = "\url{http://docs.aws.amazon.com/dms/latest/sbs/dms-sbs.pdf}"}
@misc{lambda-dg,author = {Amazon Web Services},title = {Lambda dg}, year = {2019}, howpublished = "\url{http://docs.aws.amazon.com/lambda/latest/dg/lambda-dg.pdf}"}
@misc{dynamodb-dg,author = {Amazon Web Services},title = {Dynamodb dg}, year = {2019}, howpublished = "\url{http://docs.aws.amazon.com/amazondynamodb/latest/developerguide/dynamodb-dg.pdf}"}
@misc{kinesis-api,author = {Amazon Web Services},title = {Kinesis api}, year = {2019}, howpublished = "\url{http://docs.aws.amazon.com/kinesis/latest/APIReference/kinesis-api.pdf}"}
@misc{polly-dg,author = {Amazon Web Services},title = {Polly dg}, year = {2019}, howpublished = "\url{http://docs.aws.amazon.com/polly/latest/dg/polly-dg.pdf}"}
@misc{MSKDevGuide,author = {Amazon Web Services},title = {Mskdevguide}, year = {2019}, howpublished = "\url{http://docs.aws.amazon.com/msk/latest/developerguide/MSKDevGuide.pdf}"}
@misc{translate-dg,author = {Amazon Web Services},title = {Translate dg}, year = {2019}, howpublished = "\url{http://docs.aws.amazon.com/translate/latest/dg/translate-dg.pdf}"}
@misc{ses-api,author = {Amazon Web Services},title = {Ses api}, year = {2019}, howpublished = "\url{http://docs.aws.amazon.com/ses/latest/APIReference/ses-api.pdf}"}
@misc{memcached-ug,author = {Amazon Web Services},title = {Memcached ug}, year = {2019}, howpublished = "\url{http://docs.aws.amazon.com/AmazonElastiCache/latest/mem-ug/memcached-ug.pdf}"}
@misc{sms-voice-api,author = {Amazon Web Services},title = {Sms voice api}, year = {2019}, howpublished = "\url{http://docs.aws.amazon.com/pinpoint-sms-voice/latest/APIReference/sms-voice-api.pdf}"}
@misc{acw-cli,author = {Amazon Web Services},title = {Acw cli}, year = {2019}, howpublished = "\url{http://docs.aws.amazon.com/AmazonCloudWatch/latest/cli/acw-cli.pdf}"}
@misc{s3-api,author = {Amazon Web Services},title = {S3 api}, year = {2019}, howpublished = "\url{http://docs.aws.amazon.com/AmazonS3/latest/API/s3-api.pdf}"}
@misc{forecast.dg,author = {Amazon Web Services},title = {Forecast.dg}, year = {2019}, howpublished = "\url{http://docs.aws.amazon.com/forecast/latest/dg/forecast.dg.pdf}"}
@misc{awseb-dg,author = {Amazon Web Services},title = {Awseb dg}, year = {2019}, howpublished = "\url{http://docs.aws.amazon.com/elasticbeanstalk/latest/dg/awseb-dg.pdf}"}
@misc{amazonml-api,author = {Amazon Web Services},title = {Amazonml api}, year = {2019}, howpublished = "\url{http://docs.aws.amazon.com/machine-learning/latest/APIReference/amazonml-api.pdf}"}
@misc{aws-unity-dg,author = {Amazon Web Services},title = {Aws unity dg}, year = {2019}, howpublished = "\url{http://docs.aws.amazon.com/mobile/sdkforunity/developerguide/aws-unity-dg.pdf}"}
@misc{step-functions-api,author = {Amazon Web Services},title = {Step functions api}, year = {2019}, howpublished = "\url{http://docs.aws.amazon.com/step-functions/latest/apireference/step-functions-api.pdf}"}
@misc{user-guide,author = {Amazon Web Services},title = {User guide}, year = {2019}, howpublished = "\url{http://docs.aws.amazon.com/eventbridge/latest/userguide/user-guide.pdf}"}
@misc{chime-api,author = {Amazon Web Services},title = {Chime api}, year = {2019}, howpublished = "\url{http://docs.aws.amazon.com/chime/latest/APIReference/chime-api.pdf}"}
@misc{dlami-dg,author = {Amazon Web Services},title = {Dlami dg}, year = {2019}, howpublished = "\url{http://docs.aws.amazon.com/dlami/latest/devguide/dlami-dg.pdf}"}
@misc{chime-dg,author = {Amazon Web Services},title = {Chime dg}, year = {2019}, howpublished = "\url{http://docs.aws.amazon.com/chime/latest/dg/chime-dg.pdf}"}
@misc{mediaconnect-api,author = {Amazon Web Services},title = {Mediaconnect api}, year = {2019}, howpublished = "\url{http://docs.aws.amazon.com/mediaconnect/latest/api/mediaconnect-api.pdf}"}
@misc{wam-userguide,author = {Amazon Web Services},title = {Wam userguide}, year = {2019}, howpublished = "\url{http://docs.aws.amazon.com/wam/latest/userguide/wam-userguide.pdf}"}
@misc{appstream2-dg,author = {Amazon Web Services},title = {Appstream2 dg}, year = {2019}, howpublished = "\url{http://docs.aws.amazon.com/appstream2/latest/developerguide/appstream2-dg.pdf}"}
@misc{vpc-nag,author = {Amazon Web Services},title = {Vpc nag}, year = {2019}, howpublished = "\url{http://docs.aws.amazon.com/vpc/latest/adminguide/vpc-nag.pdf}"}
@misc{artifact-ug,author = {Amazon Web Services},title = {Artifact ug}, year = {2019}, howpublished = "\url{http://docs.aws.amazon.com/artifact/latest/ug/artifact-ug.pdf}"}
@misc{aws-sdk-net-v3-dg,author = {Amazon Web Services},title = {Aws sdk net v3 dg}, year = {2019}, howpublished = "\url{http://docs.aws.amazon.com/sdk-for-net/v3/developer-guide/aws-sdk-net-v3-dg.pdf}"}
@misc{connect-ag,author = {Amazon Web Services},title = {Connect ag}, year = {2019}, howpublished = "\url{http://docs.aws.amazon.com/connect/latest/adminguide/connect-ag.pdf}"}
@misc{iotevents-dg,author = {Amazon Web Services},title = {Iotevents dg}, year = {2019}, howpublished = "\url{http://docs.aws.amazon.com/iotevents/latest/developerguide/iotevents-dg.pdf}"}
@misc{textract-dg,author = {Amazon Web Services},title = {Textract dg}, year = {2019}, howpublished = "\url{http://docs.aws.amazon.com/textract/latest/dg/textract-dg.pdf}"}
@misc{cloud9-api,author = {Amazon Web Services},title = {Cloud9 api}, year = {2019}, howpublished = "\url{http://docs.aws.amazon.com/cloud9/latest/APIReference/cloud9-api.pdf}"}
@misc{workmail-ug,author = {Amazon Web Services},title = {Workmail ug}, year = {2019}, howpublished = "\url{http://docs.aws.amazon.com/workmail/latest/userguide/workmail-ug.pdf}"}
@misc{crypto-ug,author = {Amazon Web Services},title = {Crypto ug}, year = {2019}, howpublished = "\url{http://docs.aws.amazon.com/crypto/latest/userguide/crypto-ug.pdf}"}
@misc{iot-thingsgraph-api,author = {Amazon Web Services},title = {Iot thingsgraph api}, year = {2019}, howpublished = "\url{http://docs.aws.amazon.com/thingsgraph/latest/APIReference/iot-thingsgraph-api.pdf}"}
@misc{resource-groups,author = {Amazon Web Services},title = {Resource groups}, year = {2019}, howpublished = "\url{http://docs.aws.amazon.com/ARG/latest/APIReference/resource-groups.pdf}"}
@misc{aws-iq-user-guide,author = {Amazon Web Services},title = {Aws iq user guide}, year = {2019}, howpublished = "\url{http://docs.aws.amazon.com/aws-iq/latest/user-guide/aws-iq-user-guide.pdf}"}
@misc{codepipeline-api,author = {Amazon Web Services},title = {Codepipeline api}, year = {2019}, howpublished = "\url{http://docs.aws.amazon.com/codepipeline/latest/APIReference/codepipeline-api.pdf}"}
@misc{server-migration-ug,author = {Amazon Web Services},title = {Server migration ug}, year = {2019}, howpublished = "\url{http://docs.aws.amazon.com/server-migration-service/latest/userguide/server-migration-ug.pdf}"}
@misc{migration-readiness,author = {Amazon Web Services},title = {Migration readiness}, year = {2019}, howpublished = "\url{http://docs.aws.amazon.com/prescriptive-guidance/latest/migration-readiness/migration-readiness.pdf}"}
@misc{cloudhsm-user-guide,author = {Amazon Web Services},title = {Cloudhsm user guide}, year = {2019}, howpublished = "\url{http://docs.aws.amazon.com/cloudhsm/latest/userguide/cloudhsm-user-guide.pdf}"}
@misc{mediatailor-guide,author = {Amazon Web Services},title = {Mediatailor guide}, year = {2019}, howpublished = "\url{http://docs.aws.amazon.com/mediatailor/latest/ug/mediatailor-guide.pdf}"}
@misc{speke,author = {Amazon Web Services},title = {Speke}, year = {2019}, howpublished = "\url{http://docs.aws.amazon.com/speke/latest/documentation/speke.pdf}"}
@misc{firehose-dg,author = {Amazon Web Services},title = {Firehose dg}, year = {2019}, howpublished = "\url{http://docs.aws.amazon.com/firehose/latest/dev/firehose-dg.pdf}"}
@misc{quicksight-api,author = {Amazon Web Services},title = {Quicksight api}, year = {2019}, howpublished = "\url{http://docs.aws.amazon.com/quicksight/latest/APIReference/quicksight-api.pdf}"}
@misc{fsx-api,author = {Amazon Web Services},title = {Fsx api}, year = {2019}, howpublished = "\url{http://docs.aws.amazon.com/fsx/latest/APIReference/fsx-api.pdf}"}
@misc{emr-mgmt,author = {Amazon Web Services},title = {Emr mgmt}, year = {2019}, howpublished = "\url{http://docs.aws.amazon.com/emr/latest/ManagementGuide/emr-mgmt.pdf}"}
@misc{kinesis-dg,author = {Amazon Web Services},title = {Kinesis dg}, year = {2019}, howpublished = "\url{http://docs.aws.amazon.com/streams/latest/dev/kinesis-dg.pdf}"}
@misc{redshift-mgmt,author = {Amazon Web Services},title = {Redshift mgmt}, year = {2019}, howpublished = "\url{http://docs.aws.amazon.com/redshift/latest/mgmt/redshift-mgmt.pdf}"}
@misc{pinpoint-dg,author = {Amazon Web Services},title = {Pinpoint dg}, year = {2019}, howpublished = "\url{http://docs.aws.amazon.com/pinpoint/latest/developerguide/pinpoint-dg.pdf}"}
@misc{gg-dg,author = {Amazon Web Services},title = {Gg dg}, year = {2019}, howpublished = "\url{http://docs.aws.amazon.com/greengrass/latest/developerguide/gg-dg.pdf}"}
@misc{dc-api,author = {Amazon Web Services},title = {Dc api}, year = {2019}, howpublished = "\url{http://docs.aws.amazon.com/directconnect/latest/APIReference/dc-api.pdf}"}
@misc{codestar-ug,author = {Amazon Web Services},title = {Codestar ug}, year = {2019}, howpublished = "\url{http://docs.aws.amazon.com/codestar/latest/userguide/codestar-ug.pdf}"}
@misc{athena-ug,author = {Amazon Web Services},title = {Athena ug}, year = {2019}, howpublished = "\url{http://docs.aws.amazon.com/athena/latest/ug/athena-ug.pdf}"}
@misc{aws-sdk-php-v3-developer-guide,author = {Amazon Web Services},title = {Aws sdk php v3 developer guide}, year = {2019}, howpublished = "\url{http://docs.aws.amazon.com/sdk-for-php/v3/developer-guide/aws-sdk-php-v3-developer-guide.pdf}"}
@misc{waf-apiref,author = {Amazon Web Services},title = {Waf apiref}, year = {2019}, howpublished = "\url{http://docs.aws.amazon.com/waf/latest/APIReference/waf-apiref.pdf}"}
@misc{aws-pc,author = {Amazon Web Services},title = {Aws pc}, year = {2019}, howpublished = "\url{http://docs.aws.amazon.com/pricing-calculator/latest/userguide/aws-pc.pdf}"}
@misc{cfn-ug,author = {Amazon Web Services},title = {Cfn ug}, year = {2019}, howpublished = "\url{http://docs.aws.amazon.com/AWSCloudFormation/latest/UserGuide/cfn-ug.pdf}"}
@misc{1click-papi,author = {Amazon Web Services},title = {1click papi}, year = {2019}, howpublished = "\url{http://docs.aws.amazon.com/iot-1-click/latest/projects-apireference/1click-papi.pdf}"}
@misc{datapipeline-api,author = {Amazon Web Services},title = {Datapipeline api}, year = {2019}, howpublished = "\url{http://docs.aws.amazon.com/datapipeline/latest/APIReference/datapipeline-api.pdf}"}
@misc{directoryservice-admin-guide,author = {Amazon Web Services},title = {Directoryservice admin guide}, year = {2019}, howpublished = "\url{http://docs.aws.amazon.com/directoryservice/latest/admin-guide/directoryservice-admin-guide.pdf}"}
@misc{awsracerdg,author = {Amazon Web Services},title = {Awsracerdg}, year = {2019}, howpublished = "\url{http://docs.aws.amazon.com/deepracer/latest/developerguide/awsracerdg.pdf}"}
@misc{AWSSnowball-dg,author = {Amazon Web Services},title = {Awssnowball dg}, year = {2019}, howpublished = "\url{http://docs.aws.amazon.com/snowball/latest/developer-guide/AWSSnowball-dg.pdf}"}
@misc{apigatewayv2-api,author = {Amazon Web Services},title = {Apigatewayv2 api}, year = {2019}, howpublished = "\url{http://docs.aws.amazon.com/apigatewayv2/latest/api-reference/apigatewayv2-api.pdf}"}
@misc{kinesisvideo-dg,author = {Amazon Web Services},title = {Kinesisvideo dg}, year = {2019}, howpublished = "\url{http://docs.aws.amazon.com/kinesisvideostreams/latest/dg/kinesisvideo-dg.pdf}"}
@misc{encryption-sdk-developer-guide,author = {Amazon Web Services},title = {Encryption sdk developer guide}, year = {2019}, howpublished = "\url{http://docs.aws.amazon.com/encryption-sdk/latest/developer-guide/encryption-sdk-developer-guide.pdf}"}
@misc{sqs-api,author = {Amazon Web Services},title = {Sqs api}, year = {2019}, howpublished = "\url{http://docs.aws.amazon.com/AWSSimpleQueueService/latest/APIReference/sqs-api.pdf}"}
@misc{aws-tkj-ug,author = {Amazon Web Services},title = {Aws tkj ug}, year = {2019}, howpublished = "\url{http://docs.aws.amazon.com/toolkit-for-jetbrains/latest/userguide/aws-tkj-ug.pdf}"}
@misc{eventbridge-api,author = {Amazon Web Services},title = {Eventbridge api}, year = {2019}, howpublished = "\url{http://docs.aws.amazon.com/AmazonCloudWatchEvents/latest/APIReference/eventbridge-api.pdf}"}
@misc{amhd-dg,author = {Amazon Web Services},title = {Amhd dg}, year = {2019}, howpublished = "\url{http://docs.aws.amazon.com/aws-mobile/latest/developerguide/amhd-dg.pdf}"}
@misc{pca-ug,author = {Amazon Web Services},title = {Pca ug}, year = {2019}, howpublished = "\url{http://docs.aws.amazon.com/acm-pca/latest/userguide/pca-ug.pdf}"}
@misc{pinpoint-email-api,author = {Amazon Web Services},title = {Pinpoint email api}, year = {2019}, howpublished = "\url{http://docs.aws.amazon.com/pinpoint-email/latest/APIReference/pinpoint-email-api.pdf}"}
@misc{service-catalog-ag,author = {Amazon Web Services},title = {Service catalog ag}, year = {2019}, howpublished = "\url{http://docs.aws.amazon.com/servicecatalog/latest/adminguide/service-catalog-ag.pdf}"}
@misc{sqs-dg,author = {Amazon Web Services},title = {Sqs dg}, year = {2019}, howpublished = "\url{http://docs.aws.amazon.com/AWSSimpleQueueService/latest/SQSDeveloperGuide/sqs-dg.pdf}"}
@misc{ses-dg,author = {Amazon Web Services},title = {Ses dg}, year = {2019}, howpublished = "\url{http://docs.aws.amazon.com/ses/latest/DeveloperGuide/ses-dg.pdf}"}
@misc{iot-dg,author = {Amazon Web Services},title = {Iot dg}, year = {2019}, howpublished = "\url{http://docs.aws.amazon.com/iot/latest/developerguide/iot-dg.pdf}"}
@misc{cwe-ug,author = {Amazon Web Services},title = {Cwe ug}, year = {2019}, howpublished = "\url{http://docs.aws.amazon.com/AmazonCloudWatch/latest/events/cwe-ug.pdf}"}
@misc{rds-ug,author = {Amazon Web Services},title = {Rds ug}, year = {2019}, howpublished = "\url{http://docs.aws.amazon.com/AmazonRDS/latest/UserGuide/rds-ug.pdf}"}
@misc{iotevents-api,author = {Amazon Web Services},title = {Iotevents api}, year = {2019}, howpublished = "\url{http://docs.aws.amazon.com/iotevents/latest/apireference/iotevents-api.pdf}"}
@misc{server-migration-api,author = {Amazon Web Services},title = {Server migration api}, year = {2019}, howpublished = "\url{http://docs.aws.amazon.com/server-migration-service/latest/APIReference/server-migration-api.pdf}"}
@misc{cloudsearch-dg,author = {Amazon Web Services},title = {Cloudsearch dg}, year = {2019}, howpublished = "\url{http://docs.aws.amazon.com/cloudsearch/latest/developerguide/cloudsearch-dg.pdf}"}
@misc{aws-sdk-cpp-dg,author = {Amazon Web Services},title = {Aws sdk cpp dg}, year = {2019}, howpublished = "\url{http://docs.aws.amazon.com/sdk-for-cpp/v1/developer-guide/aws-sdk-cpp-dg.pdf}"}
@misc{macie-api,author = {Amazon Web Services},title = {Macie api}, year = {2019}, howpublished = "\url{http://docs.aws.amazon.com/macie/1.0/APIReference/macie-api.pdf}"}
@misc{license-manager,author = {Amazon Web Services},title = {License manager}, year = {2019}, howpublished = "\url{http://docs.aws.amazon.com/license-manager/latest/userguide/license-manager.pdf}"}
@misc{devicefarm-api,author = {Amazon Web Services},title = {Devicefarm api}, year = {2019}, howpublished = "\url{http://docs.aws.amazon.com/devicefarm/latest/APIReference/devicefarm-api.pdf}"}
@misc{sso-ug,author = {Amazon Web Services},title = {Sso ug}, year = {2019}, howpublished = "\url{http://docs.aws.amazon.com/singlesignon/latest/userguide/sso-ug.pdf}"}
@misc{analytics-ug,author = {Amazon Web Services},title = {Analytics ug}, year = {2019}, howpublished = "\url{http://docs.aws.amazon.com/iotanalytics/latest/userguide/analytics-ug.pdf}"}
@misc{cfn-api,author = {Amazon Web Services},title = {Cfn api}, year = {2019}, howpublished = "\url{http://docs.aws.amazon.com/AWSCloudFormation/latest/APIReference/cfn-api.pdf}"}
@misc{support-ug,author = {Amazon Web Services},title = {Support ug}, year = {2019}, howpublished = "\url{http://docs.aws.amazon.com/awssupport/latest/user/support-ug.pdf}"}
@misc{kms-api-reference,author = {Amazon Web Services},title = {Kms api reference}, year = {2019}, howpublished = "\url{http://docs.aws.amazon.com/kms/latest/APIReference/kms-api-reference.pdf}"}
@misc{ec2-api,author = {Amazon Web Services},title = {Ec2 api}, year = {2019}, howpublished = "\url{http://docs.aws.amazon.com/AWSEC2/latest/APIReference/ec2-api.pdf}"}
@misc{route53-dg,author = {Amazon Web Services},title = {Route53 dg}, year = {2019}, howpublished = "\url{http://docs.aws.amazon.com/Route53/latest/DeveloperGuide/route53-dg.pdf}"}
@misc{chime-ag,author = {Amazon Web Services},title = {Chime ag}, year = {2019}, howpublished = "\url{http://docs.aws.amazon.com/chime/latest/ag/chime-ag.pdf}"}
@misc{codedeploy-user,author = {Amazon Web Services},title = {Codedeploy user}, year = {2019}, howpublished = "\url{http://docs.aws.amazon.com/codedeploy/latest/userguide/codedeploy-user.pdf}"}
@misc{vm-import-ug,author = {Amazon Web Services},title = {Vm import ug}, year = {2019}, howpublished = "\url{http://docs.aws.amazon.com/vm-import/latest/userguide/vm-import-ug.pdf}"}
@misc{s3-user-guide,author = {Amazon Web Services},title = {S3 user guide}, year = {2019}, howpublished = "\url{http://docs.aws.amazon.com/AmazonS3/latest/user-guide/s3-user-guide.pdf}"}
@misc{AWSBackup-dg,author = {Amazon Web Services},title = {Awsbackup dg}, year = {2019}, howpublished = "\url{http://docs.aws.amazon.com/aws-backup/latest/devguide/AWSBackup-dg.pdf}"}
@misc{cloud-map-api,author = {Amazon Web Services},title = {Cloud map api}, year = {2019}, howpublished = "\url{http://docs.aws.amazon.com/cloud-map/latest/api/cloud-map-api.pdf}"}
@misc{athena-api,author = {Amazon Web Services},title = {Athena api}, year = {2019}, howpublished = "\url{http://docs.aws.amazon.com/athena/latest/APIReference/athena-api.pdf}"}
@misc{swf-dg,author = {Amazon Web Services},title = {Swf dg}, year = {2019}, howpublished = "\url{http://docs.aws.amazon.com/amazonswf/latest/developerguide/swf-dg.pdf}"}
@misc{managed-blockchain-mgmt,author = {Amazon Web Services},title = {Managed blockchain mgmt}, year = {2019}, howpublished = "\url{http://docs.aws.amazon.com/managed-blockchain/latest/managementguide/managed-blockchain-mgmt.pdf}"}
@misc{cwl-ug,author = {Amazon Web Services},title = {Cwl ug}, year = {2019}, howpublished = "\url{http://docs.aws.amazon.com/AmazonCloudWatch/latest/logs/cwl-ug.pdf}"}
@misc{cognito-identity-api,author = {Amazon Web Services},title = {Cognito identity api}, year = {2019}, howpublished = "\url{http://docs.aws.amazon.com/cognitoidentity/latest/APIReference/cognito-identity-api.pdf}"}
@misc{dcv-ag,author = {Amazon Web Services},title = {Dcv ag}, year = {2019}, howpublished = "\url{http://docs.aws.amazon.com/dcv/latest/adminguide/dcv-ag.pdf}"}
@misc{worklink-ag,author = {Amazon Web Services},title = {Worklink ag}, year = {2019}, howpublished = "\url{http://docs.aws.amazon.com/worklink/latest/ag/worklink-ag.pdf}"}
@misc{aws-pst-ug,author = {Amazon Web Services},title = {Aws pst ug}, year = {2019}, howpublished = "\url{http://docs.aws.amazon.com/powershell/latest/userguide/aws-pst-ug.pdf}"}
@misc{lex-dg,author = {Amazon Web Services},title = {Lex dg}, year = {2019}, howpublished = "\url{http://docs.aws.amazon.com/lex/latest/dg/lex-dg.pdf}"}
@misc{support-api,author = {Amazon Web Services},title = {Support api}, year = {2019}, howpublished = "\url{http://docs.aws.amazon.com/awssupport/latest/APIReference/support-api.pdf}"}
@misc{ec2-instance-connect-api,author = {Amazon Web Services},title = {Ec2 instance connect api}, year = {2019}, howpublished = "\url{http://docs.aws.amazon.com/ec2-instance-connect/latest/APIReference/ec2-instance-connect-api.pdf}"}
@misc{mediaconnect-ug,author = {Amazon Web Services},title = {Mediaconnect ug}, year = {2019}, howpublished = "\url{http://docs.aws.amazon.com/mediaconnect/latest/ug/mediaconnect-ug.pdf}"}
@misc{migration-tools,author = {Amazon Web Services},title = {Migration tools}, year = {2019}, howpublished = "\url{http://docs.aws.amazon.com/prescriptive-guidance/latest/migration-tools/migration-tools.pdf}"}
@misc{vsts-ug,author = {Amazon Web Services},title = {Vsts ug}, year = {2019}, howpublished = "\url{http://docs.aws.amazon.com/vsts/latest/userguide/vsts-ug.pdf}"}
@misc{appstream2-api,author = {Amazon Web Services},title = {Appstream2 api}, year = {2019}, howpublished = "\url{http://docs.aws.amazon.com/appstream2/latest/APIReference/appstream2-api.pdf}"}
@misc{mediapackage-guide,author = {Amazon Web Services},title = {Mediapackage guide}, year = {2019}, howpublished = "\url{http://docs.aws.amazon.com/mediapackage/latest/ug/mediapackage-guide.pdf}"}
@misc{sumerian-guide,author = {Amazon Web Services},title = {Sumerian guide}, year = {2019}, howpublished = "\url{http://docs.aws.amazon.com/sumerian/latest/userguide/sumerian-guide.pdf}"}
@misc{sns-dg,author = {Amazon Web Services},title = {Sns dg}, year = {2019}, howpublished = "\url{http://docs.aws.amazon.com/sns/latest/dg/sns-dg.pdf}"}
@misc{aws-sdk-java-mg,author = {Amazon Web Services},title = {Aws sdk java mg}, year = {2019}, howpublished = "\url{http://docs.aws.amazon.com/sdk-for-java/v2/migration-guide/aws-sdk-java-mg.pdf}"}
@misc{servicequotas-api,author = {Amazon Web Services},title = {Servicequotas api}, year = {2019}, howpublished = "\url{http://docs.aws.amazon.com/servicequotas/2019-06-24/apireference/servicequotas-api.pdf}"}
@misc{ecs-api,author = {Amazon Web Services},title = {Ecs api}, year = {2019}, howpublished = "\url{http://docs.aws.amazon.com/AmazonECS/latest/APIReference/ecs-api.pdf}"}
@misc{secretsmanager-userguide,author = {Amazon Web Services},title = {Secretsmanager userguide}, year = {2019}, howpublished = "\url{http://docs.aws.amazon.com/secretsmanager/latest/userguide/secretsmanager-userguide.pdf}"}
@misc{devicefarm-dg,author = {Amazon Web Services},title = {Devicefarm dg}, year = {2019}, howpublished = "\url{http://docs.aws.amazon.com/devicefarm/latest/developerguide/devicefarm-dg.pdf}"}
@misc{performance-insights-api,author = {Amazon Web Services},title = {Performance insights api}, year = {2019}, howpublished = "\url{http://docs.aws.amazon.com/performance-insights/latest/APIReference/performance-insights-api.pdf}"}
@misc{sts-api,author = {Amazon Web Services},title = {Sts api}, year = {2019}, howpublished = "\url{http://docs.aws.amazon.com/STS/latest/APIReference/sts-api.pdf}"}
@misc{getting-started,author = {Amazon Web Services},title = {Getting started}, year = {2019}, howpublished = "\url{http://docs.aws.amazon.com/prescriptive-guidance/latest/getting-started/getting-started.pdf}"}
@misc{freertos-ug,author = {Amazon Web Services},title = {Freertos ug}, year = {2019}, howpublished = "\url{http://docs.aws.amazon.com/freertos/latest/userguide/freertos-ug.pdf}"}
@misc{,author = {Amazon Web Services},title = {}, year = {2019}, howpublished = "\url{http://docs.aws.amazon.com/elasticbeanstalk/latest/platforms/}"}
@misc{app-mesh-api,author = {Amazon Web Services},title = {App mesh api}, year = {2019}, howpublished = "\url{http://docs.aws.amazon.com/app-mesh/latest/APIReference/app-mesh-api.pdf}"}
@misc{cloudfront-api,author = {Amazon Web Services},title = {Cloudfront api}, year = {2019}, howpublished = "\url{http://docs.aws.amazon.com/cloudfront/latest/APIReference/cloudfront-api.pdf}"}
@misc{as-plans-api,author = {Amazon Web Services},title = {As plans api}, year = {2019}, howpublished = "\url{http://docs.aws.amazon.com/autoscaling/plans/APIReference/as-plans-api.pdf}"}
@misc{service-catalog-ug,author = {Amazon Web Services},title = {Service catalog ug}, year = {2019}, howpublished = "\url{http://docs.aws.amazon.com/servicecatalog/latest/userguide/service-catalog-ug.pdf}"}
@misc{elb-ng,author = {Amazon Web Services},title = {Elb ng}, year = {2019}, howpublished = "\url{http://docs.aws.amazon.com/elasticloadbalancing/latest/network/elb-ng.pdf}"}
@misc{Schema-Conversion-Tool,author = {Amazon Web Services},title = {Schema conversion tool}, year = {2019}, howpublished = "\url{http://docs.aws.amazon.com/SchemaConversionTool/latest/userguide/Schema-Conversion-Tool.pdf}"}
@misc{AWSCodeStar-api,author = {Amazon Web Services},title = {Awscodestar api}, year = {2019}, howpublished = "\url{http://docs.aws.amazon.com/codestar/latest/APIReference/AWSCodeStar-api.pdf}"}
@misc{awscloudtrail-ug,author = {Amazon Web Services},title = {Awscloudtrail ug}, year = {2019}, howpublished = "\url{http://docs.aws.amazon.com/awscloudtrail/latest/userguide/awscloudtrail-ug.pdf}"}
@misc{organizations-userguide,author = {Amazon Web Services},title = {Organizations userguide}, year = {2019}, howpublished = "\url{http://docs.aws.amazon.com/organizations/latest/userguide/organizations-userguide.pdf}"}
@misc{securityhub-api,author = {Amazon Web Services},title = {Securityhub api}, year = {2019}, howpublished = "\url{http://docs.aws.amazon.com/securityhub/1.0/APIReference/securityhub-api.pdf}"}
@misc{app-mesh-ug,author = {Amazon Web Services},title = {App mesh ug}, year = {2019}, howpublished = "\url{http://docs.aws.amazon.com/app-mesh/latest/userguide/app-mesh-ug.pdf}"}
@misc{aws-sdk-java-dg,author = {Amazon Web Services},title = {Aws sdk java dg}, year = {2019}, howpublished = "\url{http://docs.aws.amazon.com/sdk-for-java/v1/developer-guide/aws-sdk-java-dg.pdf}"}
@misc{aws-tkv-ug,author = {Amazon Web Services},title = {Aws tkv ug}, year = {2019}, howpublished = "\url{http://docs.aws.amazon.com/toolkit-for-visual-studio/latest/user-guide/aws-tkv-ug.pdf}"}
@misc{as-api,author = {Amazon Web Services},title = {As api}, year = {2019}, howpublished = "\url{http://docs.aws.amazon.com/autoscaling/ec2/APIReference/as-api.pdf}"}
@misc{client-vpn-user-guide,author = {Amazon Web Services},title = {Client vpn user guide}, year = {2019}, howpublished = "\url{http://docs.aws.amazon.com/vpn/latest/clientvpn-user/client-vpn-user-guide.pdf}"}
@misc{codebuild-api,author = {Amazon Web Services},title = {Codebuild api}, year = {2019}, howpublished = "\url{http://docs.aws.amazon.com/codebuild/latest/APIReference/codebuild-api.pdf}"}
@misc{corretto-11-ug,author = {Amazon Web Services},title = {Corretto 11 ug}, year = {2019}, howpublished = "\url{http://docs.aws.amazon.com/corretto/latest/corretto-11-ug/corretto-11-ug.pdf}"}
@misc{lumberyard-relnotes,author = {Amazon Web Services},title = {Lumberyard relnotes}, year = {2019}, howpublished = "\url{http://docs.aws.amazon.com/lumberyard/latest/releasenotes/lumberyard-relnotes.pdf}"}
@misc{lake-formation-dg,author = {Amazon Web Services},title = {Lake formation dg}, year = {2019}, howpublished = "\url{http://docs.aws.amazon.com/lake-formation/latest/dg/lake-formation-dg.pdf}"}
@misc{AWS-Shield,author = {Amazon Web Services},title = {Aws shield}, year = {2019}, howpublished = "\url{http://docs.aws.amazon.com/waf/latest/DDOSAPIReference/AWS-Shield.pdf}"}
@misc{sns-api,author = {Amazon Web Services},title = {Sns api}, year = {2019}, howpublished = "\url{http://docs.aws.amazon.com/sns/latest/api/sns-api.pdf}"}
@misc{aws-tke-ug,author = {Amazon Web Services},title = {Aws tke ug}, year = {2019}, howpublished = "\url{http://docs.aws.amazon.com/toolkit-for-eclipse/v1/user-guide/aws-tke-ug.pdf}"}
@misc{systems-manager-api,author = {Amazon Web Services},title = {Systems manager api}, year = {2019}, howpublished = "\url{http://docs.aws.amazon.com/systems-manager/latest/APIReference/systems-manager-api.pdf}"}
@misc{app-as-ug,author = {Amazon Web Services},title = {App as ug}, year = {2019}, howpublished = "\url{http://docs.aws.amazon.com/autoscaling/application/userguide/app-as-ug.pdf}"}
@misc{aws-iot-analytics-api,author = {Amazon Web Services},title = {Aws iot analytics api}, year = {2019}, howpublished = "\url{http://docs.aws.amazon.com/iotanalytics/latest/APIReference/aws-iot-analytics-api.pdf}"}
@misc{mediastore-api,author = {Amazon Web Services},title = {Mediastore api}, year = {2019}, howpublished = "\url{http://docs.aws.amazon.com/mediastore/latest/apireference/mediastore-api.pdf}"}
@misc{marketplaceentitlement-api,author = {Amazon Web Services},title = {Marketplaceentitlement api}, year = {2019}, howpublished = "\url{http://docs.aws.amazon.com/marketplaceentitlement/latest/APIReference/marketplaceentitlement-api.pdf}"}
@misc{rekognition-dg,author = {Amazon Web Services},title = {Rekognition dg}, year = {2019}, howpublished = "\url{http://docs.aws.amazon.com/rekognition/latest/dg/rekognition-dg.pdf}"}
@misc{aes-dg,author = {Amazon Web Services},title = {Aes dg}, year = {2019}, howpublished = "\url{http://docs.aws.amazon.com/elasticsearch-service/latest/developerguide/aes-dg.pdf}"}
@misc{aws-sdk-java-dg-v2,author = {Amazon Web Services},title = {Aws sdk java dg v2}, year = {2019}, howpublished = "\url{http://docs.aws.amazon.com/sdk-for-java/v2/developer-guide/aws-sdk-java-dg-v2.pdf}"}
@misc{govcloud-us,author = {Amazon Web Services},title = {Govcloud us}, year = {2019}, howpublished = "\url{http://docs.aws.amazon.com/govcloud-us/latest/UserGuide/govcloud-us.pdf}"}
@misc{ecr-ug,author = {Amazon Web Services},title = {Ecr ug}, year = {2019}, howpublished = "\url{http://docs.aws.amazon.com/AmazonECR/latest/userguide/ecr-ug.pdf}"}
@misc{datapipeline-dg,author = {Amazon Web Services},title = {Datapipeline dg}, year = {2019}, howpublished = "\url{http://docs.aws.amazon.com/datapipeline/latest/DeveloperGuide/datapipeline-dg.pdf}"}
@misc{inspector,author = {Amazon Web Services},title = {Inspector}, year = {2019}, howpublished = "\url{http://docs.aws.amazon.com/inspector/latest/APIReference/inspector.pdf}"}
@misc{elastictranscoder-dg,author = {Amazon Web Services},title = {Elastictranscoder dg}, year = {2019}, howpublished = "\url{http://docs.aws.amazon.com/elastictranscoder/latest/developerguide/elastictranscoder-dg.pdf}"}
@misc{acw-ug,author = {Amazon Web Services},title = {Acw ug}, year = {2019}, howpublished = "\url{http://docs.aws.amazon.com/AmazonCloudWatch/latest/monitoring/acw-ug.pdf}"}
@misc{glacier-dg,author = {Amazon Web Services},title = {Glacier dg}, year = {2019}, howpublished = "\url{http://docs.aws.amazon.com/amazonglacier/latest/dev/glacier-dg.pdf}"}
@misc{ecr-api,author = {Amazon Web Services},title = {Ecr api}, year = {2019}, howpublished = "\url{http://docs.aws.amazon.com/AmazonECR/latest/APIReference/ecr-api.pdf}"}
@misc{opsworks-ug,author = {Amazon Web Services},title = {Opsworks ug}, year = {2019}, howpublished = "\url{http://docs.aws.amazon.com/opsworks/latest/userguide/opsworks-ug.pdf}"}
@misc{as-plans-ug,author = {Amazon Web Services},title = {As plans ug}, year = {2019}, howpublished = "\url{http://docs.aws.amazon.com/autoscaling/plans/userguide/as-plans-ug.pdf}"}
@misc{global-accelerator-guide,author = {Amazon Web Services},title = {Global accelerator guide}, year = {2019}, howpublished = "\url{http://docs.aws.amazon.com/global-accelerator/latest/dg/global-accelerator-guide.pdf}"}
@misc{iam-ug,author = {Amazon Web Services},title = {Iam ug}, year = {2019}, howpublished = "\url{http://docs.aws.amazon.com/IAM/latest/UserGuide/iam-ug.pdf}"}
@misc{cloudhsm-classic-userguide,author = {Amazon Web Services},title = {Cloudhsm classic userguide}, year = {2019}, howpublished = "\url{http://docs.aws.amazon.com/cloudhsm/classic/userguide/cloudhsm-classic-userguide.pdf}"}
@misc{prescriptive-guidance,author = {Amazon Web Services},title = {Prescriptive guidance}, year = {2019}, howpublished = "\url{http://docs.aws.amazon.com/prescriptive-guidance/latest/patterns/prescriptive-guidance.pdf}"}
@misc{acw-api,author = {Amazon Web Services},title = {Acw api}, year = {2019}, howpublished = "\url{http://docs.aws.amazon.com/AmazonCloudWatch/latest/APIReference/acw-api.pdf}"}
@misc{apigateway-dg,author = {Amazon Web Services},title = {Apigateway dg}, year = {2019}, howpublished = "\url{http://docs.aws.amazon.com/apigateway/latest/developerguide/apigateway-dg.pdf}"}
@misc{neptune-ug,author = {Amazon Web Services},title = {Neptune ug}, year = {2019}, howpublished = "\url{http://docs.aws.amazon.com/neptune/latest/userguide/neptune-ug.pdf}"}
@misc{s3-gsg,author = {Amazon Web Services},title = {S3 gsg}, year = {2019}, howpublished = "\url{http://docs.aws.amazon.com/AmazonS3/latest/gsg/s3-gsg.pdf}"}
@misc{corretto-8-ug,author = {Amazon Web Services},title = {Corretto 8 ug}, year = {2019}, howpublished = "\url{http://docs.aws.amazon.com/corretto/latest/corretto-8-ug/corretto-8-ug.pdf}"}
@misc{codedeploy-api,author = {Amazon Web Services},title = {Codedeploy api}, year = {2019}, howpublished = "\url{http://docs.aws.amazon.com/codedeploy/latest/APIReference/codedeploy-api.pdf}"}
@misc{serverless-application-model,author = {Amazon Web Services},title = {Serverless application model}, year = {2019}, howpublished = "\url{http://docs.aws.amazon.com/serverless-application-model/latest/developerguide/serverless-application-model.pdf}"}
@misc{awshealth-ug,author = {Amazon Web Services},title = {Awshealth ug}, year = {2019}, howpublished = "\url{http://docs.aws.amazon.com/health/latest/ug/awshealth-ug.pdf}"}
@misc{medialive-api,author = {Amazon Web Services},title = {Medialive api}, year = {2019}, howpublished = "\url{http://docs.aws.amazon.com/medialive/latest/apireference/medialive-api.pdf}"}
@misc{medialive-ug,author = {Amazon Web Services},title = {Medialive ug}, year = {2019}, howpublished = "\url{http://docs.aws.amazon.com/medialive/latest/ug/medialive-ug.pdf}"}
@misc{dms-ug,author = {Amazon Web Services},title = {Dms ug}, year = {2019}, howpublished = "\url{http://docs.aws.amazon.com/dms/latest/userguide/dms-ug.pdf}"}
@misc{rds-api,author = {Amazon Web Services},title = {Rds api}, year = {2019}, howpublished = "\url{http://docs.aws.amazon.com/AmazonRDS/latest/APIReference/rds-api.pdf}"}
@misc{dlm-api,author = {Amazon Web Services},title = {Dlm api}, year = {2019}, howpublished = "\url{http://docs.aws.amazon.com/dlm/latest/APIReference/dlm-api.pdf}"}
@misc{step-functions-dg,author = {Amazon Web Services},title = {Step functions dg}, year = {2019}, howpublished = "\url{http://docs.aws.amazon.com/step-functions/latest/dg/step-functions-dg.pdf}"}
@misc{ec2-ug,author = {Amazon Web Services},title = {Ec2 ug}, year = {2019}, howpublished = "\url{http://docs.aws.amazon.com/AWSEC2/latest/UserGuide/ec2-ug.pdf}"}
@misc{elb-ag,author = {Amazon Web Services},title = {Elb ag}, year = {2019}, howpublished = "\url{http://docs.aws.amazon.com/elasticloadbalancing/latest/application/elb-ag.pdf}"}
@misc{cognito-user-identity-pools-apiref,author = {Amazon Web Services},title = {Cognito user identity pools apiref}, year = {2019}, howpublished = "\url{http://docs.aws.amazon.com/cognito-user-identity-pools/latest/APIReference/cognito-user-identity-pools-apiref.pdf}"}
@misc{eventbridge-api,author = {Amazon Web Services},title = {Eventbridge api}, year = {2019}, howpublished = "\url{http://docs.aws.amazon.com/eventbridge/latest/APIReference/eventbridge-api.pdf}"}
@misc{aurora-ug,author = {Amazon Web Services},title = {Aurora ug}, year = {2019}, howpublished = "\url{http://docs.aws.amazon.com/AmazonRDS/latest/AuroraUserGuide/aurora-ug.pdf}"}
@misc{migration-security,author = {Amazon Web Services},title = {Migration security}, year = {2019}, howpublished = "\url{http://docs.aws.amazon.com/prescriptive-guidance/latest/migration-security/migration-security.pdf}"}
@misc{cds-api,author = {Amazon Web Services},title = {Cds api}, year = {2019}, howpublished = "\url{http://docs.aws.amazon.com/directoryservice/latest/APIReference/cds-api.pdf}"}
@misc{serverlessrepo-dg,author = {Amazon Web Services},title = {Serverlessrepo dg}, year = {2019}, howpublished = "\url{http://docs.aws.amazon.com/serverlessrepo/latest/devguide/serverlessrepo-dg.pdf}"}
@misc{mediaconvert-api,author = {Amazon Web Services},title = {Mediaconvert api}, year = {2019}, howpublished = "\url{http://docs.aws.amazon.com/mediaconvert/latest/apireference/mediaconvert-api.pdf}"}
@misc{service-catalog-dg,author = {Amazon Web Services},title = {Service catalog dg}, year = {2019}, howpublished = "\url{http://docs.aws.amazon.com/servicecatalog/latest/dg/service-catalog-dg.pdf}"}
@misc{dc-ug,author = {Amazon Web Services},title = {Dc ug}, year = {2019}, howpublished = "\url{http://docs.aws.amazon.com/directconnect/latest/UserGuide/dc-ug.pdf}"}
@misc{systems-manager-ug,author = {Amazon Web Services},title = {Systems manager ug}, year = {2019}, howpublished = "\url{http://docs.aws.amazon.com/systems-manager/latest/userguide/systems-manager-ug.pdf}"}
@misc{opsworks-api,author = {Amazon Web Services},title = {Opsworks api}, year = {2019}, howpublished = "\url{http://docs.aws.amazon.com/opsworks/latest/APIReference/opsworks-api.pdf}"}
@misc{mediatailor-api,author = {Amazon Web Services},title = {Mediatailor api}, year = {2019}, howpublished = "\url{http://docs.aws.amazon.com/mediatailor/latest/apireference/mediatailor-api.pdf}"}
@misc{efs-ug,author = {Amazon Web Services},title = {Efs ug}, year = {2019}, howpublished = "\url{http://docs.aws.amazon.com/efs/latest/ug/efs-ug.pdf}"}
@misc{ecs-ug,author = {Amazon Web Services},title = {Ecs ug}, year = {2019}, howpublished = "\url{http://docs.aws.amazon.com/AmazonECS/latest/userguide/ecs-ug.pdf}"}
@misc{rdsdataservice-api,author = {Amazon Web Services},title = {Rdsdataservice api}, year = {2019}, howpublished = "\url{http://docs.aws.amazon.com/rdsdataservice/latest/APIReference/rdsdataservice-api.pdf}"}
@misc{elb-api,author = {Amazon Web Services},title = {Elb api}, year = {2019}, howpublished = "\url{http://docs.aws.amazon.com/elasticloadbalancing/2012-06-01/APIReference/elb-api.pdf}"}
@misc{amazon-mq-api,author = {Amazon Web Services},title = {Amazon mq api}, year = {2019}, howpublished = "\url{http://docs.aws.amazon.com/amazon-mq/latest/api-reference/amazon-mq-api.pdf}"}
@misc{a4b-ag,author = {Amazon Web Services},title = {A4b ag}, year = {2019}, howpublished = "\url{http://docs.aws.amazon.com/a4b/latest/ag/a4b-ag.pdf}"}
@misc{workspaces-ug,author = {Amazon Web Services},title = {Workspaces ug}, year = {2019}, howpublished = "\url{http://docs.aws.amazon.com/workspaces/latest/userguide/workspaces-ug.pdf}"}
@misc{vpc-pg,author = {Amazon Web Services},title = {Vpc pg}, year = {2019}, howpublished = "\url{http://docs.aws.amazon.com/vpc/latest/peering/vpc-pg.pdf}"}
@misc{awsbilling-api,author = {Amazon Web Services},title = {Awsbilling api}, year = {2019}, howpublished = "\url{http://docs.aws.amazon.com/aws-cost-management/latest/APIReference/awsbilling-api.pdf}"}
@misc{s3-dg,author = {Amazon Web Services},title = {S3 dg}, year = {2019}, howpublished = "\url{http://docs.aws.amazon.com/AmazonS3/latest/dev/s3-dg.pdf}"}
@misc{workmail-api,author = {Amazon Web Services},title = {Workmail api}, year = {2019}, howpublished = "\url{http://docs.aws.amazon.com/workmail/latest/APIReference/workmail-api.pdf}"}
@misc{sftp.ug,author = {Amazon Web Services},title = {Sftp.ug}, year = {2019}, howpublished = "\url{http://docs.aws.amazon.com/transfer/latest/userguide/sftp.ug.pdf}"}
@misc{redshift-dg,author = {Amazon Web Services},title = {Redshift dg}, year = {2019}, howpublished = "\url{http://docs.aws.amazon.com/redshift/latest/dg/redshift-dg.pdf}"}
@misc{global-accelerator-api,author = {Amazon Web Services},title = {Global accelerator api}, year = {2019}, howpublished = "\url{http://docs.aws.amazon.com/global-accelerator/latest/api/global-accelerator-api.pdf}"}
@misc{license-manager-api,author = {Amazon Web Services},title = {License manager api}, year = {2019}, howpublished = "\url{http://docs.aws.amazon.com/license-manager/latest/APIReference/license-manager-api.pdf}"}
@misc{groundstation-api,author = {Amazon Web Services},title = {Groundstation api}, year = {2019}, howpublished = "\url{http://docs.aws.amazon.com/ground-station/latest/APIReference/groundstation-api.pdf}"}
@misc{xray-api,author = {Amazon Web Services},title = {Xray api}, year = {2019}, howpublished = "\url{http://docs.aws.amazon.com/xray/latest/api/xray-api.pdf}"}
@misc{wellarchitected-ug,author = {Amazon Web Services},title = {Wellarchitected ug}, year = {2019}, howpublished = "\url{http://docs.aws.amazon.com/wellarchitected/latest/userguide/wellarchitected-ug.pdf}"}
@misc{aws-sdk-go-dg,author = {Amazon Web Services},title = {Aws sdk go dg}, year = {2019}, howpublished = "\url{http://docs.aws.amazon.com/sdk-for-go/v1/developer-guide/aws-sdk-go-dg.pdf}"}
@misc{freertos-pg,author = {Amazon Web Services},title = {Freertos pg}, year = {2019}, howpublished = "\url{http://docs.aws.amazon.com/freertos/latest/portingguide/freertos-pg.pdf}"}
@misc{js-sdk-dv,author = {Amazon Web Services},title = {Js sdk dv}, year = {2019}, howpublished = "\url{http://docs.aws.amazon.com/sdk-for-javascript/v2/developer-guide/js-sdk-dv.pdf}"}
@misc{wam-adminguide,author = {Amazon Web Services},title = {Wam adminguide}, year = {2019}, howpublished = "\url{http://docs.aws.amazon.com/wam/latest/adminguide/wam-adminguide.pdf}"}
